@article{bhattacherjee2015principles,
  title={Principles of dataset versioning: Exploring the recreation/storage tradeoff},
  author={Bhattacherjee, Souvik and Chavan, Amit and Huang, Silu and Deshpande, Amol and Parameswaran, Aditya},
  journal={Proceedings of the VLDB Endowment},
  volume={8},
  number={12},
  pages={1346--1357},
  year={2015},
  publisher={VLDB Endowment}
}

@article{vanschoren2014openml,
  title={OpenML: networked science in machine learning},
  author={Vanschoren, Joaquin and Van Rijn, Jan N and Bischl, Bernd and Torgo, Luis},
  journal={ACM SIGKDD Explorations Newsletter},
  volume={15},
  number={2},
  pages={49--60},
  year={2014},
  publisher={ACM}
}

@inproceedings{sparks2017keystoneml,
  title={Keystoneml: Optimizing pipelines for large-scale advanced analytics},
  author={Sparks, Evan R and Venkataraman, Shivaram and Kaftan, Tomer and Franklin, Michael J and Recht, Benjamin},
  booktitle={Data Engineering (ICDE), 2017 IEEE 33rd International Conference on},
  pages={535--546},
  year={2017},
  organization={IEEE}
}

@article{meng2016mllib,
  title={Mllib: Machine learning in apache spark},
  author={Meng, Xiangrui and Bradley, Joseph and Yavuz, Burak and Sparks, Evan and Venkataraman, Shivaram and Liu, Davies and Freeman, Jeremy and Tsai, DB and Amde, Manish and Owen, Sean and others},
  journal={The Journal of Machine Learning Research},
  volume={17},
  number={1},
  pages={1235--1241},
  year={2016},
  publisher={JMLR. org}
}

@article{zhang2016materialization,
  title={Materialization optimizations for feature selection workloads},
  author={Zhang, Ce and Kumar, Arun and R{\'e}, Christopher},
  journal={ACM Transactions on Database Systems (TODS)},
  volume={41},
  number={1},
  pages={2},
  year={2016},
  publisher={ACM}
}

@article{schelterautomatically,
  title={Automatically Tracking Metadata and Provenance of Machine Learning Experiments},
  author={Schelter, Sebastian and B{\"o}se, Joos-Hendrik and Kirschnick, Johannes and Klein, Thoralf and Seufert, Stephan}
}

@article{kumar2016model,
  title={Model selection management systems: The next frontier of advanced analytics},
  author={Kumar, Arun and McCann, Robert and Naughton, Jeffrey and Patel, Jignesh M},
  journal={ACM SIGMOD Record},
  volume={44},
  number={4},
  pages={17--22},
  year={2016},
  publisher={ACM}
}

@inproceedings{vartak2016m,
  title={Model DB: a system for machine learning model management},
  author={Vartak, Manasi and Subramanyam, Harihar and Lee, Wei-En and Viswanathan, Srinidhi and Husnoo, Saadiyah and Madden, Samuel and Zaharia, Matei},
  booktitle={Proceedings of the Workshop on Human-In-the-Loop Data Analytics},
  pages={14},
  year={2016},
  organization={ACM}
}

@inproceedings{kraska2013mlbase,
  title={MLbase: A Distributed Machine-learning System.},
  author={Kraska, Tim and Talwalkar, Ameet and Duchi, John C and Griffith, Rean and Franklin, Michael J and Jordan, Michael I},
  booktitle={Cidr},
  volume={1},
  pages={2--1},
  year={2013}
}